% Encoding: UTF-8

@Misc{ppne_pte,
  author        = {{PPNE}},
  title         = {{P}rograma de {T}utoria {E}special ({PTE})},
  year          = {2016},
  timestamp     = {2020-10-06},
  url           = {http://acessibilidade.unb.br/index.php?option=com_content&view=article&id=31&Itemid=378},
  urlaccessdate = {06 out. 2020},
}

@Book{pressman,
  title     = {{S}oftware {E}ngineering - {A} {P}ractitioer's {A}pproach},
  publisher = {McGraw-Hill Education},
  year      = {2015},
  author    = {Roger S. Pressman and Bruce R. Maxim},
  address   = {New York, NY, USA},
  edition   = {8},
  isbn      = {978-0-07-802212-8},
}

@Book{sommerville,
  title     = {{S}oftware {E}ngineering},
  publisher = {Addison-Wesley},
  year      = {2011},
  author    = {Ian Sommerville},
  address   = {Boston, MA, USA},
  edition   = {9},
  isbn      = {978-0-13-703515-1},
}

@Booklet{scrum_guide,
  title         = {{T}he {S}crum {G}uide},
  author        = {Ken Schwaber and Jeff Sutherland},
  year          = {2017},
  timestamp     = {2020-11-02},
  url           = {https://www.scrumguides.org/docs/scrumguide/v2017/2017-Scrum-Guide-US.pdf},
  urlaccessdate = {18 fev. 2021},
}

@Book{swebokv3,
  title     = {{SWEBOK} v3.0: {G}uide to the {S}oftware {E}ngineering {B}ody of {K}nowledge},
  publisher = {IEEE Computer Society},
  year      = {2014},
  editor    = {Pierre Bourque and Richard E. (Dick) Fairley},
  edition   = {3},
  isbn      = {978-0-7695-5166-1},
  review    = {P. Bourque and R.E. Fairley, eds., Guide to the Software Engineering Body of Knowledge, Version 3.0, IEEE Computer Society, 2014; www.swebok.org.},
  url       = {https://www.swebok.org},
}

@Misc{requisitos_acessibilidade,
  author        = {{SIDI} and {C}in-{UFPE}},
  title         = {{G}uia para o {D}esenvolvimento de {A}plicações {M}óveis {A}cessíveis: {R}equisitos},
  year          = {2017},
  timestamp     = {2020-11-03},
  url           = {http://sidi.org.br/guiadeacessibilidade/index.html#requisitos},
  urlaccessdate = {03 nov. 2020},
}

@Misc{flutter_tdd_clean_architecture,
  author        = {Matt Rešetár},
  title         = {{F}lutter {TDD} {C}lean {A}rchitecture {C}ourse [1] – {E}xplanation \& {P}roject {S}tructure},
  year          = {2019},
  timestamp     = {2020-11-03},
  url           = {https://resocoder.com/2019/08/27/flutter-tdd-clean-architecture-course-1-explanation-project-structure/},
  urlaccessdate = {03 nov. 2020},
}

@Misc{digitalhouse_flutter,
  author        = {{Digital House}},
  title         = {{I}ntrodução ao {F}lutter: como funciona o framework e sua linguagem {D}art},
  month         = jul,
  year          = {2020},
  timestamp     = {2020-11-03},
  urlaccessdate = {03 nov. 2020},
}

@Misc{planning_poker,
  author        = {{H}olly {P}eck},
  title         = {The Ultimate Guide To Agile Story Points (2020)},
  month         = oct,
  year          = {2020},
  url           = {https://clickup.com/blog/agile/agile-story-points/},
  urlaccessdate = {18 fev. 2021},
}

@Misc{safe_requirements_model,
  author        = {{Scaled Agile}},
  title         = {{SAF}e {R}equirements {M}odel},
  month         = feb,
  year          = {2021},
  url           = {https://www.scaledagileframework.com/safe-requirements-model/},
  urlaccessdate = {11 mar. 2021},
}

@Comment{jabref-meta: databaseType:bibtex;}